@book{oneill,
  title={Semi-Riemannian geometry with applications to relativity},
  author={O'neill, Barrett},
  year={1983},
  publisher={Academic press}
}

@book{beem,
  title={Global Lorenzian Geometry},
  author={Beem, Ehrlich, Easley},
  year={1981},
  publisher={Pure and Applied Mathematics}
}

@article{Halburd_2008,
	year = 2008,
	publisher = {{IOP} Publishing},
	volume = {41},
	number = {47},
	pages = {479003},
	author = {Rodney G Halburd},
	title = {Partial Differential Equations in General Relativity},
	journal = {Journal of Physics A: Mathematical and Theoretical}
}

@misc{kurylev2017inverse,
      title={Inverse problems for Lorentzian manifolds and non-linear hyperbolic equations}, 
      author={Yaroslav Kurylev and Matti Lassas and Gunther Uhlmann},
      year={2017},
      eprint={1405.3386},
      archivePrefix={arXiv},
      primaryClass={math.DG}
}

@article{hintzpaper,
    author = {Hintz, Peter and Uhlmann, Gunther},
    title = "{Reconstruction of Lorentzian Manifolds from Boundary Light Observation Sets}",
    journal = {International Mathematics Research Notices},
    volume = {2019},
    number = {22},
    pages = {6949-6987},
    year = {2017},
    month = {02},
    issn = {1073-7928},
    doi = {10.1093/imrn/rnx320},
    url = {https://doi.org/10.1093/imrn/rnx320},
    eprint = {https://academic.oup.com/imrn/article-pdf/2019/22/6949/30945542/rnx320.pdf},
}
